
@article{bogdan2015,
  title = {{{SLOPE}} - Adaptive Variable Selection via Convex Optimization},
  author = {Bogdan, Małgorzata and van den Berg, Ewout and {Chiara Sabatti} and {Weijie Su} and {Emmanuel J. Candès}},
  date = {2015},
  journaltitle = {The annals of applied statistics},
  shortjournal = {Ann Appl Stat},
  volume = {9},
  pages = {1103--1140},
  issn = {1932-6157},
  doi = {10.1214/15-AOAS842},
  url = {https://projecteuclid.org/euclid.aoas/1446488733},
  urldate = {2018-12-17},
  eprint = {26709357},
  eprinttype = {pmid},
  number = {3}
}

@article{brzyski2018,
  title = {Group {{SLOPE}} -- Adaptive Selection of Groups of Predictors},
  author = {Brzyski, Damian and Gossmann, Alexej and Su, Weijie and Bogdan, Małgorzata},
  date = {2018-01-15},
  journaltitle = {Journal of the American Statistical Association},
  shortjournal = {Journal of the American Statistical Association},
  pages = {1--15},
  issn = {0162-1459},
  doi = {10/gfrd93},
  url = {https://amstat.tandfonline.com/doi/full/10.1080/01621459.2017.1411269},
  urldate = {2018-12-17}
}


