@article{tibshirani2012,
  title = {Strong Rules for Discarding Predictors in Lasso-Type Problems},
  author = {Tibshirani, Robert and Bien, Jacob and Friedman, Jerome and Hastie, Trevor and Simon, Noah and Taylor, Jonathan and Tibshirani, Ryan J.},
  year = {2012},
  month = mar,
  volume = {74},
  pages = {245--266},
  issn = {1369-7412},
  doi = {10/c4bb85},
  journal = {Journal of the Royal Statistical Society. Series B: Statistical Methodology},
  language = {English},
  number = {2}
}
% == BibTeX quality report for tibshirani2012:
% ? Possibly abbreviated journal title Journal of the Royal Statistical Society. Series B: Statistical Methodology

@article{bogdan2015,
  title = {{{SLOPE}} - Adaptive Variable Selection via Convex Optimization},
  author = {Bogdan, Ma{\l}gorzata and van den Berg, Ewout and {Chiara Sabatti} and {Weijie Su} and {Emmanuel J. Cand{\`e}s}},
  year = {2015},
  volume = {9},
  pages = {1103--1140},
  issn = {1932-6157},
  doi = {10.1214/15-AOAS842},
  journal = {The annals of applied statistics},
  number = {3},
  pmid = {26709357}
}

@article{bondell2008,
  title = {Simultaneous Regression Shrinkage, Variable Selection, and Supervised Clustering of Predictors with {{OSCAR}}},
  author = {Bondell, Howard D. and Reich, Brian J.},
  year = {2008},
  volume = {64},
  pages = {115--123},
  issn = {0006-341X},
  doi = {10.1111/j.1541-0420.2007.00843.x},
  journal = {Biometrics},
  number = {1}
}

